<?xml version="1.0" encoding="UTF-8"?>

                <record xmlns="http://www.loc.gov/MARC21/slim">
                    <leader>02888nam a2200733zcb4500</leader>
                    <controlfield tag="001">990005980910203331</controlfield>
                    <controlfield tag="005">20201206193556.0</controlfield>
                    <controlfield tag="007">tu</controlfield>
                    <controlfield tag="008">950302|1982####|||######m####|||#|#ger#c</controlfield>
                    <controlfield tag="009">AC01088391</controlfield>
                    <datafield tag="015" ind1=" " ind2=" ">
                        <subfield code="a">83,A04,1220</subfield>
                        <subfield code="2">dnb</subfield>
                    </datafield>
                    <datafield tag="020" ind1=" " ind2=" ">
                        <subfield code="a">3205087453</subfield>
                        <subfield code="c">brosch. : DM 220.00, S 1480.00</subfield>
                    </datafield>
                    <datafield tag="024" ind1="7" ind2=" ">
                        <subfield code="a">urn:nbn:at:at-ubi:2-18532</subfield>
                        <subfield code="2">urn</subfield>
                    </datafield>
                    <datafield tag="035" ind1=" " ind2=" ">
                        <subfield code="a">(AT-OBV)AC01088391</subfield>
                    </datafield>
                    <datafield tag="035" ind1=" " ind2=" ">
                        <subfield code="a">(DE-599)OBVAC01088391</subfield>
                    </datafield>
                    <datafield tag="035" ind1=" " ind2=" ">
                        <subfield code="a">(VLID)5607104</subfield>
                    </datafield>
                    <datafield tag="040" ind1=" " ind2=" ">
                        <subfield code="a">UBI</subfield>
                        <subfield code="b">ger</subfield>
                        <subfield code="c">VL-RETRO</subfield>
                        <subfield code="d">UBI</subfield>
                        <subfield code="e">rakwb</subfield>
                    </datafield>
                    <datafield tag="041" ind1=" " ind2=" ">
                        <subfield code="a">ger</subfield>
                    </datafield>
                    <datafield tag="044" ind1=" " ind2=" ">
                        <subfield code="c">XA-DE</subfield>
                    </datafield>
                    <datafield tag="050" ind1=" " ind2="4">
                        <subfield code="a">HA1184</subfield>
                    </datafield>
                    <datafield tag="082" ind1="0" ind2=" ">
                        <subfield code="a">312.09436</subfield>
                        <subfield code="2">n/a</subfield>
                    </datafield>
                    <datafield tag="084" ind1=" " ind2=" ">
                        <subfield code="a">63</subfield>
                        <subfield code="a">53</subfield>
                        <subfield code="a">64</subfield>
                        <subfield code="a">15</subfield>
                        <subfield code="2">sdnb</subfield>
                    </datafield>
                    <datafield tag="084" ind1=" " ind2=" ">
                        <subfield code="a">NP 5904</subfield>
                        <subfield code="2">rvk</subfield>
                    </datafield>
                    <datafield tag="100" ind1="1" ind2=" ">
                        <subfield code="a">Brix, Emil</subfield>
                        <subfield code="d">1956-</subfield>
                        <subfield code="0">(DE-588)120572559</subfield>
                        <subfield code="4">aut</subfield>
                    </datafield>
                    <datafield tag="245" ind1="1" ind2="0">
                        <subfield code="a">&lt;&lt;Die>> Umgangssprachen in Altösterreich zwischen Agitation und Assimilation</subfield>
                        <subfield code="b">die Sprachenstatistik in den zisleithanischen Volkszählungen 1880 bis 1910</subfield>
                        <subfield code="c">Emil Brix</subfield>
                    </datafield>
                    <datafield tag="264" ind1=" " ind2="1">
                        <subfield code="a">Wien [u.a.]</subfield>
                        <subfield code="b">Böhlau</subfield>
                        <subfield code="c">1982</subfield>
                    </datafield>
                    <datafield tag="300" ind1=" " ind2=" ">
                        <subfield code="a">537 S.</subfield>
                        <subfield code="b">graph. Darst.</subfield>
                        <subfield code="c">24 cm</subfield>
                    </datafield>
                    <datafield tag="490" ind1="1" ind2=" ">
                        <subfield code="a">Veröffentlichungen der Kommission für Neuere Geschichte Österreichs</subfield>
                        <subfield code="v">72</subfield>
                    </datafield>
                    <datafield tag="502" ind1=" " ind2=" ">
                        <subfield code="a">Zugl.: Wien, Univ., Diss., 1979 u.d.T.: Brix, Emil: Die nationale Frage anhand der Umgangssprachenerhebungen in den zisleithanischen Volkszählungen 1880 bis 1910</subfield>
                    </datafield>
                    <datafield tag="650" ind1=" " ind2="4">
                        <subfield code="a">Sprachenfrage</subfield>
                    </datafield>
                    <datafield tag="650" ind1=" " ind2="4">
                        <subfield code="a">Nationalität</subfield>
                    </datafield>
                    <datafield tag="650" ind1=" " ind2="4">
                        <subfield code="a">Bevölkerungsstatistik</subfield>
                    </datafield>
                    <datafield tag="650" ind1=" " ind2="4">
                        <subfield code="a">Volkszählung</subfield>
                    </datafield>
                    <datafield tag="650" ind1=" " ind2="4">
                        <subfield code="a">Cisleithanien</subfield>
                    </datafield>
                    <datafield tag="650" ind1=" " ind2="4">
                        <subfield code="a">Bevölkerungsstatistik / Länder, Gebiete, Völker // Zisleithanien</subfield>
                    </datafield>
                    <datafield tag="650" ind1=" " ind2="4">
                        <subfield code="a">Zisleithanien / Bevölkerung</subfield>
                    </datafield>
                    <datafield tag="650" ind1=" " ind2="4">
                        <subfield code="a">Österreich / Geschichte</subfield>
                    </datafield>
                    <datafield tag="650" ind1=" " ind2="4">
                        <subfield code="a">Sprachpolitik</subfield>
                    </datafield>
                    <datafield tag="650" ind1=" " ind2="4">
                        <subfield code="a">Nationalitätenpolitik / Länder, Gebiete, Völker // Österreich</subfield>
                    </datafield>
                    <datafield tag="651" ind1=" " ind2="4">
                        <subfield code="a">Österreich</subfield>
                    </datafield>
                    <datafield tag="651" ind1=" " ind2="4">
                        <subfield code="a">Zisleithanien</subfield>
                    </datafield>
                    <datafield tag="651" ind1=" " ind2="0">
                        <subfield code="a">Austria</subfield>
                        <subfield code="x">Census</subfield>
                        <subfield code="x">History</subfield>
                    </datafield>
                    <datafield tag="651" ind1=" " ind2="0">
                        <subfield code="a">Austria</subfield>
                        <subfield code="x">Ethnic relations</subfield>
                        <subfield code="x">History</subfield>
                    </datafield>
                    <datafield tag="651" ind1=" " ind2="0">
                        <subfield code="a">Austria</subfield>
                        <subfield code="x">Languages</subfield>
                        <subfield code="x">Statistics</subfield>
                        <subfield code="x">History</subfield>
                    </datafield>
                    <datafield tag="689" ind1="0" ind2="0">
                        <subfield code="a">Österreich</subfield>
                        <subfield code="D">g</subfield>
                        <subfield code="0">(DE-588)4043271-3</subfield>
                    </datafield>
                    <datafield tag="689" ind1="0" ind2="1">
                        <subfield code="a">Sprachstatistik</subfield>
                        <subfield code="D">s</subfield>
                        <subfield code="0">(DE-588)4182534-2</subfield>
                    </datafield>
                    <datafield tag="689" ind1="0" ind2="2">
                        <subfield code="a">Volkszählung</subfield>
                        <subfield code="D">s</subfield>
                        <subfield code="0">(DE-588)4134368-2</subfield>
                    </datafield>
                    <datafield tag="689" ind1="0" ind2="3">
                        <subfield code="a">Geschichte 1880-1910</subfield>
                        <subfield code="A">z</subfield>
                    </datafield>
                    <datafield tag="689" ind1="0" ind2=" ">
                        <subfield code="5">AT-OBV</subfield>
                        <subfield code="5">UBG</subfield>
                    </datafield>
                    <datafield tag="689" ind1="1" ind2="0">
                        <subfield code="a">Österreich</subfield>
                        <subfield code="D">g</subfield>
                        <subfield code="0">(DE-588)4043271-3</subfield>
                    </datafield>
                    <datafield tag="689" ind1="1" ind2="1">
                        <subfield code="a">Volkszählung</subfield>
                        <subfield code="D">s</subfield>
                        <subfield code="0">(DE-588)4134368-2</subfield>
                    </datafield>
                    <datafield tag="689" ind1="1" ind2="2">
                        <subfield code="a">Nationalitätenpolitik</subfield>
                        <subfield code="D">s</subfield>
                        <subfield code="0">(DE-588)4041303-2</subfield>
                    </datafield>
                    <datafield tag="689" ind1="1" ind2="3">
                        <subfield code="a">Geschichte 1880-1910</subfield>
                        <subfield code="A">z</subfield>
                    </datafield>
                    <datafield tag="689" ind1="1" ind2=" ">
                        <subfield code="5">AT-OBV</subfield>
                        <subfield code="5">UBG</subfield>
                    </datafield>
                    <datafield tag="776" ind1="0" ind2="8">
                        <subfield code="i">Elektronische Reproduktion</subfield>
                        <subfield code="o">urn:nbn:at:at-ubi:2-18532</subfield>
                    </datafield>
                    <datafield tag="830" ind1=" " ind2="0">
                        <subfield code="w">(AT-OBV)AC00112585</subfield>
                        <subfield code="v">72</subfield>
                        <subfield code="9">O:1</subfield>
                    </datafield>
                    <datafield tag="856" ind1="4" ind2="1">
                        <subfield code="m">V:AT-OBV;B:AT-UBI</subfield>
                        <subfield code="q">text/html</subfield>
                        <subfield code="u">https://resolver.obvsg.at/urn:nbn:at:at-ubi:2-18532</subfield>
                        <subfield code="x">UBI</subfield>
                        <subfield code="3">Volltext // 2020 digitalisiert von: Universitäts- und Landesbibliothek Tirol</subfield>
                        <subfield code="o">OBV-VL</subfield>
                    </datafield>
                    <datafield tag="852" ind1="0" ind2="1">
                        <subfield code="a">43ACC_VBK</subfield>
                        <subfield code="6">990001805000203342</subfield>
                        <subfield code="9">P</subfield>
                    </datafield>
                    <datafield tag="852" ind1="0" ind2="1">
                        <subfield code="a">43ACC_UBS</subfield>
                        <subfield code="6">990001450220203341</subfield>
                        <subfield code="9">P</subfield>
                    </datafield>
                    <datafield tag="852" ind1="0" ind2="1">
                        <subfield code="a">43ACC_WIENB</subfield>
                        <subfield code="6">9910676507904516</subfield>
                        <subfield code="9">P</subfield>
                    </datafield>
                    <datafield tag="852" ind1="0" ind2="1">
                        <subfield code="a">43ACC_UBW</subfield>
                        <subfield code="6">990014627470203332</subfield>
                        <subfield code="9">P</subfield>
                    </datafield>
                    <datafield tag="852" ind1="0" ind2="1">
                        <subfield code="a">43ACC_UBG</subfield>
                        <subfield code="6">990000950630203339</subfield>
                        <subfield code="9">P</subfield>
                    </datafield>
                    <datafield tag="852" ind1="0" ind2="1">
                        <subfield code="a">43ACC_OEAW</subfield>
                        <subfield code="6">990000869490504498</subfield>
                        <subfield code="9">P</subfield>
                    </datafield>
                    <datafield tag="852" ind1="0" ind2="1">
                        <subfield code="a">43ACC_UBI</subfield>
                        <subfield code="6">990001534380103333</subfield>
                        <subfield code="9">P</subfield>
                    </datafield>
                    <datafield tag="852" ind1="0" ind2="1">
                        <subfield code="a">43ACC_AKW</subfield>
                        <subfield code="6">990000009330203343</subfield>
                        <subfield code="9">P</subfield>
                    </datafield>
                    <datafield tag="852" ind1="0" ind2="1">
                        <subfield code="a">43ACC_UBK</subfield>
                        <subfield code="6">990002556320203346</subfield>
                        <subfield code="9">P</subfield>
                    </datafield>
                    <datafield tag="852" ind1="0" ind2="1">
                        <subfield code="a">43ACC_UBL</subfield>
                        <subfield code="6">990005247140103340</subfield>
                        <subfield code="9">P</subfield>
                    </datafield>
                    <datafield tag="852" ind1="0" ind2="1">
                        <subfield code="a">43ACC_GDFS</subfield>
                        <subfield code="6">991000547313803334</subfield>
                        <subfield code="9">P</subfield>
                    </datafield>
                    <datafield tag="852" ind1="0" ind2="1">
                        <subfield code="a">43ACC_ONB</subfield>
                        <subfield code="6">990019083400603338</subfield>
                        <subfield code="9">P</subfield>
                    </datafield>
                    <datafield tag="852" ind1="0" ind2="1">
                        <subfield code="a">43ACC_OOELB</subfield>
                        <subfield code="6">990000668960304508</subfield>
                        <subfield code="9">P</subfield>
                    </datafield>
                    <datafield tag="970" ind1="1" ind2=" ">
                        <subfield code="c">54</subfield>
                    </datafield>
                    <datafield tag="970" ind1="2" ind2=" ">
                        <subfield code="d">RETRODIGITALISAT</subfield>
                    </datafield>
                    <datafield tag="974" ind1="0" ind2="s">
                        <subfield code="F">030</subfield>
                        <subfield code="A">z|1dcr|||||17</subfield>
                    </datafield>
                    <datafield tag="974" ind1="0" ind2="s">
                        <subfield code="F">051</subfield>
                        <subfield code="A">su||||||</subfield>
                    </datafield>
                    <datafield tag="974" ind1="0" ind2="u">
                        <subfield code="V">903</subfield>
                        <subfield code="a">2134</subfield>
                        <subfield code="a">3214</subfield>
                    </datafield>
                    <datafield tag="974" ind1="0" ind2="u">
                        <subfield code="V">908</subfield>
                        <subfield code="a">2134</subfield>
                        <subfield code="a">3214</subfield>
                    </datafield>
                    <datafield tag="974" ind1="0" ind2="s">
                        <subfield code="F">050</subfield>
                        <subfield code="A">a|a|||||g|||||</subfield>
                    </datafield>
                </record>

